<collection xmlns="http://www.loc.gov/MARC21/slim">
<record>
  <leader>01357nam0a22002051i 450 </leader>
  <controlfield tag="001">IT\ICCU\CNCE\047598</controlfield>
  <controlfield tag="005">19990309000000.0</controlfield>
  <datafield tag="012" ind1=" " ind2=" ">
    <subfield code="a">podi neno u-e. daZo (3) 1567 (R)</subfield>
    <subfield code="2">fei</subfield>
  </datafield>
  <datafield tag="100" ind1=" " ind2=" ">
    <subfield code="a">19990302d1567        0itac0103    ba</subfield>
  </datafield>
  <datafield tag="101" ind1=" " ind2=" ">
    <subfield code="a">ITA</subfield>
  </datafield>
  <datafield tag="102" ind1=" " ind2=" ">
    <subfield code="a">IT</subfield>
  </datafield>
  <datafield tag="200" ind1="1" ind2=" ">
    <subfield code="a">℗Il ℗ricettario medicinale necessario  ̉tutti i medici, &amp; speziali. Nel quale con bellissimo ordine si insegna tutto quello che si puo desiderare intorno alla cognizione del prouedere, eleggere, conseruare, preparare, et comporre qual si voglia sorte  di medicamento; secondo l&apos;uso de&apos; migliori epiu eccellenti medici. Di nuouo per ordine dell&apos;ill.mo &amp; ecc.mo s.re Duca, &amp; del s.or Principe di Fiorenza, &amp; di Siena. Ricorretto, &amp; ampliato da&apos; Dodici Riformatori periti di tale arte, &amp; eletti da loro ecc. illust. ...</subfield>
  </datafield>
  <datafield tag="210" ind1=" " ind2=" ">
    <subfield code="a">In Fiorenza</subfield>
    <subfield code="c">nella stamperia de i Giunti</subfield>
    <subfield code="d">1567</subfield>
    <subfield code="e">In Fiorenza</subfield>
    <subfield code="g">nella stamperia delli heredi di Bernardo Giunti</subfield>
  </datafield>
  <datafield tag="215" ind1=" " ind2=" ">
    <subfield code="a">\10!, 246, \50! p., \1! c. di tav. inc.</subfield>
    <subfield code="c">antip</subfield>
  </datafield>
  <datafield tag="300" ind1=" " ind2=" ">
    <subfield code="a">Contiene a c. *5: lettera dedicatoria di Filippo e Jacopo Giunti a Giovanni Dini</subfield>
  </datafield>
  <datafield tag="620" ind1=" " ind2=" ">
    <subfield code="a">IT</subfield>
    <subfield code="d">Firenze</subfield>
  </datafield>
  <datafield tag="712" ind1="0" ind2="2">
    <subfield code="a">Arte dei medici e speziali</subfield>
    <subfield code="c"> &lt;Firenze&gt;</subfield>
    <subfield code="3">IT\ICCU\CNCT\000914</subfield>
  </datafield>
  <datafield tag="712" ind1="0" ind2="0">
    <subfield code="a">Giunta, Filippo &lt;2.&gt; &amp; Giunta, Iacopo &lt;2.&gt;</subfield>
    <subfield code="3">IT\ICCU\CNCT\001091</subfield>
    <subfield code="4">650</subfield>
  </datafield>
  <datafield tag="801" ind1=" " ind2="3">
    <subfield code="a">IT</subfield>
    <subfield code="b">ICCU</subfield>
    <subfield code="c">20201115</subfield>
  </datafield>
  <datafield tag="899" ind1=" " ind2=" ">
    <subfield code="a">Biblioteca umanistica. Sede di Lettere. Firenze</subfield>
    <subfield code="1">FI0211</subfield>
    <subfield code="2">UFI LT</subfield>
  </datafield>
</record>
</collection>
